@String(PAMI = {IEEE Trans. Pattern Anal. Mach. Intell.})
@String(IJCV = {Int. J. Comput. Vis.})
@String(CVPR= {IEEE Conf. Comput. Vis. Pattern Recog.})
@String(ICCV= {Int. Conf. Comput. Vis.})
@String(ECCV= {Eur. Conf. Comput. Vis.})
@String(NIPS= {Adv. Neural Inform. Process. Syst.})
@String(ICPR = {Int. Conf. Pattern Recog.})
@String(BMVC= {Brit. Mach. Vis. Conf.})
@String(TOG= {ACM Trans. Graph.})
@String(TIP  = {IEEE Trans. Image Process.})
@String(TVCG  = {IEEE Trans. Vis. Comput. Graph.})
@String(TMM  = {IEEE Trans. Multimedia})
@String(ACMMM= {ACM Int. Conf. Multimedia})
@String(ICME = {Int. Conf. Multimedia and Expo})
@String(ICASSP=	{ICASSP})
@String(ICIP = {IEEE Int. Conf. Image Process.})
@String(ACCV  = {ACCV})
@String(ICLR = {Int. Conf. Learn. Represent.})
@String(IJCAI = {IJCAI})
@String(PR   = {Pattern Recognition})
@String(AAAI = {AAAI})
@String(CVPRW= {IEEE Conf. Comput. Vis. Pattern Recog. Worksh.})
@String(CSVT = {IEEE Trans. Circuit Syst. Video Technol.})

@String(SPL	= {IEEE Sign. Process. Letters})
@String(VR   = {Vis. Res.})
@String(JOV	 = {J. Vis.})
@String(TVC  = {The Vis. Comput.})
@String(JCST  = {J. Comput. Sci. Tech.})
@String(CGF  = {Comput. Graph. Forum})
@String(CVM = {Computational Visual Media})


@String(PAMI  = {IEEE TPAMI})
@String(IJCV  = {IJCV})
@String(CVPR  = {CVPR})
@String(ICCV  = {ICCV})
@String(ECCV  = {ECCV})
@String(NIPS  = {NeurIPS})
@String(ICPR  = {ICPR})
@String(BMVC  =	{BMVC})
@String(TOG   = {ACM TOG})
@String(TIP   = {IEEE TIP})
@String(TVCG  = {IEEE TVCG})
@String(TCSVT = {IEEE TCSVT})
@String(TMM   =	{IEEE TMM})
@String(ACMMM = {ACM MM})
@String(ICME  =	{ICME})
@String(ICASSP=	{ICASSP})
@String(ICIP  = {ICIP})
@String(ACCV  = {ACCV})
@String(ICLR  = {ICLR})
@String(IJCAI = {IJCAI})
@String(PR = {PR})
@String(AAAI = {AAAI})
@String(CVPRW= {CVPRW})
@String(CSVT = {IEEE TCSVT})



@misc{egoVLP,
      title={Egocentric Video-Language Pretraining @ Ego4D Challenge 2022}, 
      author={Kevin Qinghong Lin and Alex Jinpeng Wang and Mattia Soldan and Michael Wray and Rui Yan and Eric Zhongcong Xu and Difei Gao et al.},
      year={2022},
      eprint={2207.01622},
      archivePrefix={arXiv},
      primaryClass={cs.CV},
      url={https://arxiv.org/abs/2207.01622}, }

@article{b1,
  author    = {Santhosh Kumar Ramakrishnan and Ziad Al-Halah and Kristen Grauman},
  title     = {{NaQ: Leveraging Narrations as Queries to Supervise Episodic Memory}},
  year      = {2023}
}

@inproceedings{b2,
  author    = {Jiyang Gao and Chen Sun and Zhenheng Yang and Ram Nevatia},
  title     = {{TALL: Temporal Activity Localization via Language Query}},
  year      = {2017}
}

@article{b3,
  author    = {Hao Zhang and Aixin Sun and Wei Jing and Joey Tianyi Zhou},
  title     = {{Span-based Localizing Network for Natural Language Video Localization}},
  year      = {2020}
}

@article{b4,
  author    = {Jingyuan Chen and Lin Ma and Xinpeng Chen and Zequn Jie and Jiebo Luo},
  title     = {{Localizing Natural Language in Videos}},
  year      = {2019}
}

@inproceedings{b5,
  author    = {Lisa Anne Hendricks and Oliver Wang and Eli Shechtman and Josef Sivic and Trevor Darrell and Bryan Russell},
  title     = {{Localizing Moments in Video with Temporal Language}},
  year      = {2018}
}

@article{b6,
  author    = {Deyao Zhu and Jun Chen and Xiaoqian Shen and Xiang Li and Mohamed Elhoseiny},
  title     = {{MiniGPT-4: Enhancing Vision-Language Understanding with Advanced Large Language Models}},
  year      = {2023}
}

@article{b7,
  author    = {Qinghao Ye and Haiyang Xu and Guohai Xu and Jiabo Ye and Ming Yan and Yiyang Zhou et al.},
  title     = {{mPLUG-Owl: Modularization Empowers Large Language Models with Multimodality}},
  year      = {2023}
}

@article{b8,
  author    = {B. Lin and B. Zhu and Y. Ye and M. Ning and P. Jin and L. Yuan},
  title     = {{Video-llava: Learning united visual representation by alignment before projection}},
  journal   = {arXiv preprint},
  volume    = {arXiv:2311.10122},
  year      = {2023}
}

@article{b9,
  author    = {Bin Zhu and Bin Lin and Munan Ning and Yang Yan and Jiaxi Cui and HongFa Wang and Yatian Pang and others},
  title     = {{Languagebind: Extending video-language pretraining to n-modality by language-based semantic alignment}},
  journal   = {arXiv preprint},
  volume    = {arXiv:2310.01852},
  year      = {2023}
}
